<record><leader>00000cas a2200000 a 4500</leader><controlfield tag="001">729735294</controlfield><controlfield tag="008">110609d199319uucauwr ne      0    0eng c</controlfield><datafield ind1=" " ind2=" " tag="010"><subfield code="a">sn2011271188</subfield></datafield><datafield ind1=" " ind2=" " tag="040"><subfield code="a">CNK</subfield><subfield code="b">eng</subfield><subfield code="c">CNK</subfield><subfield code="d">OCLCQ</subfield><subfield code="d">OCLCF</subfield><subfield code="d">OCLCO</subfield></datafield><datafield ind1=" " ind2=" " tag="042"><subfield code="a">pcc</subfield></datafield><datafield ind1=" " ind2=" " tag="043"><subfield code="a">n-us-ca</subfield></datafield><datafield ind1="0" ind2="0" tag="245"><subfield code="a">Del Mar Rancho Santa Fe Solana Beach sun.</subfield></datafield><datafield ind1=" " ind2=" " tag="260"><subfield code="a">Del Mar, CA :</subfield><subfield code="b">West Coast Community Newspapers Inc.</subfield></datafield><datafield ind1=" " ind2=" " tag="300"><subfield code="a">v.</subfield></datafield><datafield ind1=" " ind2=" " tag="310"><subfield code="a">Weekly</subfield></datafield><datafield ind1="0" ind2=" " tag="362"><subfield code="a">Vol. 36, no. 4 (Jan. 28, 1993)-</subfield></datafield><datafield ind1=" " ind2=" " tag="530"><subfield code="a">Master negatives are available for duplication from:</subfield><subfield code="b">California Newspaper Microfilm Archive;</subfield><subfield code="c">positive copies may be purchased by the reel; for further information consult the CNMA at:</subfield><subfield code="u">http://cbsr.ucr.edu</subfield></datafield><datafield ind1=" " ind2="0" tag="651"><subfield code="a">Del Mar (Calif.)</subfield><subfield code="v">Newspapers.</subfield></datafield><datafield ind1=" " ind2="0" tag="651"><subfield code="a">Rancho Santa Fe (Calif.)</subfield><subfield code="v">Newspapers.</subfield></datafield><datafield ind1=" " ind2="0" tag="651"><subfield code="a">Solana Beach (Calif.)</subfield><subfield code="v">Newspapers.</subfield></datafield><datafield ind1=" " ind2="7" tag="655"><subfield code="a">Newspapers.</subfield><subfield code="2">fast</subfield><subfield code="0">(OCoLC)fst01423814</subfield></datafield><datafield ind1=" " ind2="7" tag="651"><subfield code="a">California</subfield><subfield code="z">Del Mar.</subfield><subfield code="2">fast</subfield><subfield code="0">(OCoLC)fst01205561</subfield></datafield><datafield ind1=" " ind2="7" tag="651"><subfield code="a">California</subfield><subfield code="z">Rancho Santa Fe.</subfield><subfield code="2">fast</subfield><subfield code="0">(OCoLC)fst01234814</subfield></datafield><datafield ind1=" " ind2="7" tag="651"><subfield code="a">California</subfield><subfield code="z">Solana Beach.</subfield><subfield code="2">fast</subfield><subfield code="0">(OCoLC)fst01218803</subfield></datafield><datafield ind1=" " ind2=" " tag="752"><subfield code="a">United States</subfield><subfield code="b">California</subfield><subfield code="c">San Diego</subfield><subfield code="d">Del Mar.</subfield></datafield><datafield ind1="0" ind2="0" tag="780"><subfield code="t">Del Mar surfcomber</subfield><subfield code="w">(DLC)sn 97060433</subfield></datafield><datafield ind1="0" ind2="0" tag="780"><subfield code="t">Rancho Santa Fe times</subfield><subfield code="w">(DLC)sn 84008411</subfield></datafield><datafield ind1="0" ind2="0" tag="780"><subfield code="t">Solana Beach sun</subfield><subfield code="w">(DLC)sn2005061308</subfield></datafield></record>